@misc{snl_hjertesvikt,
      author = "Forfang, Kolbjørn",
      title = "Hjertesvikt",
      howpublished = "Store medisinske leksikon",
      year = "2016",
      note = "Accessed 14.12.2020 from \href{https://sml.snl.no/hjertesvikt}{Store medisinske leksikon} (Norwegian)."
}

@misc{WHO,
      title = "Cardiovascular diseases (CVDs)",
      howpublished = "WHO Fact Sheet",
      year = "2017",
      note = "Accessed 14.12.2020 from the \href{https://www.who.int/news-room/fact-sheets/detail/cardiovascular-diseases-(cvds)}{World Health Organisation}."
}

@article{dataset_article,
    author    = "Tanvir Ahmad et al",
    title     = "Survival analysis of heart failure patients: A case study",
    journal   = "PLoS ONE",
    volume   = "12",
    number   = "7",
    year      = "2017",
    month    = "July",
    note     = "\href{https://doi.org/10.1371/journal.pone.0181001}{DOI}",
}

@article{ML_article,
    author = "Davide Chicco and Giuseppe Jurman",
    title = "Macine learning can predict survival of patients with heart failure from serum creatinine and ejection fraction alone",
    journal = "BMC Medical Informatics and Decision Making",
    volume = "20",
    number = "16",
    year = "2020",
    note = "\href{https://doi.org/10.1186/s12911-020-1023-5}{DOI}"
}

@misc{kaggle,
      title = "Heart Failure Prediction",
      howpublished = "Kaggle",
      year = "2020",
      note = "Accessed 30.11.2020 from \href{https://www.kaggle.com/andrewmvd/heart-failure-clinical-data}{Kaggle}"
}

@misc{anaemia,
      title = "Anaemia",
      howpublished = "WHO Health Topic",
      note = "Accessed 14.12.2020 from the \href{https://www.who.int/health-topics/anaemia#tab=tab_1}{World Health Organisation}."
}

@misc{snl_kreatin,
      title="Kreatin",
      howpublished = "Store medisinske leksikon",
      year = "2020",
      note = "Accessed 14.12.2020 from \href{https://sml.snl.no/kreatin}{Store medisinske leksikon} (Norwegian)."
}

@misc{vkm,
      author = "Wenche Frølich et al",
      title = "Assessment of creatine in sports products",
      howpublished = "Norwegian Scientific Committee for Food Safety (VKM) report",
      year = "2010",
      note = "Accessed 14.12.2020 from \href{https://vkm.no/download/18.d44969415d027c43cfa042/1500474592114/3178aba783.pdf}{VKM}."
}

@misc{forskning_no,
      author = "Renate Alsén Øvergård",
      title = "Høy dødelighet ved akutt hjertesvikt",
      howpublished = "forskning.no",
      year = "2013",
      note = "Accessed 14.12.2020 from \href{https://forskning.no/uit-norges-arktiske-universitet-partner-hjertet/hoy-dodelighet-ved-akutt-hjertesvikt/649004}{forskning.no} (Norwegian)."
}

@misc{nyrer,
      author = "Per Holck",
      title = "Nyrene",
      howpublished = "Store medisinske leksikon",
      year = "2019",
      note = "Accessed 15.12.2020 from \href{https://sml.snl.no/nyrene}{Store medisinske leksikon} (Norwegian)."
}

@book{ESL,
    author    = "Hastie et al",
    title     = "The Elements of Statistical Learning",
    publisher = "Springer",
    edition  = "2",
    year      = "2009"
}

@book{ISL,
    author    = "James et al",
    title     = "An Introduction to Statistical Learning",
    publisher = "Springer",
    year      = "2013"
}

@article{scikit-learn,
 title={Scikit-learn: Machine Learning in {P}ython},
 author={Pedregosa, F. and Varoquaux, G. and Gramfort, A. and Michel, V.
         and Thirion, B. and Grisel, O. and Blondel, M. and Prettenhofer, P.
         and Weiss, R. and Dubourg, V. and Vanderplas, J. and Passos, A. and
         Cournapeau, D. and Brucher, M. and Perrot, M. and Duchesnay, E.},
 journal={Journal of Machine Learning Research},
 volume={12},
 pages={2825--2830},
 year={2011}
}

@misc{lecturenotes1,
    author    = "Morten Hjorth-Jensen",
    title     = "From Decision Trees to Bagging methods",
    howpublished = "Lecture slides",
    year     = "2020",
    month    = "Nov"
}

@misc{lecturenotes2,
    author    = "Morten Hjorth-Jensen",
    title     = "Gradient Boosting Summary and Support Vector Machines",
    howpublished = "Lecture slides",
    year     = "2020",
    month    = "Nov"
}

@misc{lecturenotes3,
    author    = "Morten Hjorth-Jensen",
    title     = "Random Forests and Boosting",
    howpublished = "Lecture slides",
    year     = "2020",
    month    = "Nov"
}

@misc{lecturenotes4,
    author    = "Morten Hjorth-Jensen",
    title     = "Logistic Regression",
    howpublished = "Lecture slides",
    year     = "2020",
    month    = "Sep"
}

@misc{project2,
    author = "Frida Larsen",
    title = "FYS-STK4155 - Project 2",
    howpublished = "Report", 
    year = "2020",
    note = "Can be accessed from \href{https://github.com/fridalarsen/FYS-STK4155/blob/master/Project2/Tex/project2.pdf}{GitHub}."
}
