@article{scikit-learn,
 title={Scikit-learn: Machine Learning in {P}ython},
 author={Pedregosa, F. and Varoquaux, G. and Gramfort, A. and Michel, V.
         and Thirion, B. and Grisel, O. and Blondel, M. and Prettenhofer, P.
         and Weiss, R. and Dubourg, V. and Vanderplas, J. and Passos, A. and
         Cournapeau, D. and Brucher, M. and Perrot, M. and Duchesnay, E.},
 journal={Journal of Machine Learning Research},
 volume={12},
 pages={2825--2830},
 year={2011}
}

@misc{snl_NN,
    author    = "Dvergsdal, Henrik",
    title     = "Nevralt nettverk",
    howpublished = "Store norske leksikon",
    year     = "2019",
    note     = "Accessed 12.11.2020 from \href{https://snl.no/nevralt_nettverk}{Snl}"
}

@book{nielsen,
    author    = "Nielsen, Michael",
    title     = "Neural Networks and Deep Learning",
    publisher = "Determination Press",
    year      = "2015",
    note     = "Available online at \href{http://neuralnetworksanddeeplearning.com/index.html}{neuralnetworksanddeeplearning.com}"
}

@misc{lecturenotes1,
    author    = "Morten Hjorth-Jensen",
    title     = "From Stochastic Gradient Descent to Neural Networks",
    howpublished = "Lecture slides",
    year     = "2020",
    month    = "Oct"
}

@misc{lecturenotes2,
    author    = "Morten Hjorth-Jensen",
    title     = "Tensor flow and Deep Learning, Convolutional Neural Networks",
    howpublished = "Lecture slides",
    year     = "2020",
    month    = "Oct"
}

@misc{lecturenotes3,
    author    = "Morten Hjorth-Jensen",
    title     = "Optimization and Gradient Methods",
    howpublished = "Lecture slides",
    year     = "2020",
    month    = "Sep"
}

@book{ESL,
    author    = "Hastie et al",
    title     = "The Elements of Statistical Learning",
    publisher = "Springer",
    edition  = "2",
    year      = "2009"
}
