@article{scikit-learn,
 title={Scikit-learn: Machine Learning in {P}ython},
 author={Pedregosa, F. and Varoquaux, G. and Gramfort, A. and Michel, V.
         and Thirion, B. and Grisel, O. and Blondel, M. and Prettenhofer, P.
         and Weiss, R. and Dubourg, V. and Vanderplas, J. and Passos, A. and
         Cournapeau, D. and Brucher, M. and Perrot, M. and Duchesnay, E.},
 journal={Journal of Machine Learning Research},
 volume={12},
 pages={2825--2830},
 year={2011}
}

@book{ESL,
    author    = "Hastie et al",
    title     = "The Elements of Statistical Learning",
    publisher = "Springer",
    edition  = "2",
    year      = "2009"
}

@book{ISL,
    author    = "James et al",
    title     = "An Introduction to Statistical Learning",
    publisher = "Springer",
    year      = "2013"
}

@misc{lecturenotes1,
    author    = "Morten Hjorth-Jensen",
    title     = "Resampling Techniques and Ordinary Least Square",
    howpublished = "Lecture slides",
    year     = "2020",
    month    = "Sep"
}

@misc{lecturenotes2,
    author    = "Morten Hjorth-Jensen",
    title     = "Ridge and Lasso Regression",
    howpublished = "Lecture slides",
    year     = "2020",
    month    = "Sep"
}
